
@ARTICLE{2018NatAs...2..151N,
   author = {{Naul}, B. and {Bloom}, J.~S. and {P{\'e}rez}, F. and {van der Walt}, S.
	},
    title = "{A recurrent neural network for classification of unevenly sampled variable stars}",
  journal = {Nature Astronomy},
archivePrefix = "arXiv",
   eprint = {1711.10609},
 primaryClass = "astro-ph.IM",
     year = 2018,
    month = feb,
   volume = 2,
    pages = {151-155},
      doi = {10.1038/s41550-017-0321-z},
   adsurl = {http://adsabs.harvard.edu/abs/2018NatAs...2..151N},
  adsnote = {Provided by the SAO/NASA Astrophysics Data System}
}


@ARTICLE{2017arXiv170801536E,
   author = {{Elvin-Poole}, J. and {Crocce}, M. and {Ross}, A.~J. and {Giannantonio}, T. and 
	{Rozo}, E. and {Rykoff}, E.~S. and {Avila}, S. and {Banik}, N. and 
	{Blazek}, J. and {Bridle}, S.~L. and {Cawthon}, R. and {Drlica-Wagner}, A. and 
	{Friedrich}, O. and {Kokron}, N. and {Krause}, E. and {MacCrann}, N. and 
	{Prat}, J. and {Sanchez}, C. and {Secco}, L.~F. and {Sevilla-Noarbe}, I. and 
	{Troxel}, M.~A. and {Abbott}, T.~M.~C. and {Abdalla}, F.~B. and 
	{Allam}, S. and {Annis}, J. and {Asorey}, J. and {Bechtol}, K. and 
	{Becker}, M.~R. and {Benoit-Levy}, A. and {Bernstein}, G.~M. and 
	{Bertin}, E. and {Brooks}, D. and {Buckley-Geer}, E. and {Burke}, D.~L. and 
	{Carnero Rosell}, A. and {Carollo}, D. and {Carrasco Kind}, M. and 
	{Carretero}, J. and {Castander}, F.~J. and {Cunha}, C.~E. and 
	{DAndrea}, C.~B. and {da Costa}, L.~N. and {Davis}, T.~M. and 
	{Davis}, C. and {Desai}, S. and {Diehl}, H.~T. and {Dietrich}, J.~P. and 
	{Dodelson}, S. and {Doel}, P. and {Eifler}, T.~F. and {Evrard}, A.~E. and 
	{Fernandez}, E. and {Flaugher}, B. and {Fosalba}, P. and {Frieman}, J. and 
	{Garcia-Bellido}, J. and {Gaztanaga}, E. and {Gerdes}, D.~W. and 
	{Glazebrook}, K. and {Gruen}, D. and {Gruendl}, R.~A. and {Gschwend}, J. and 
	{Gutierrez}, G. and {Hartley}, W.~G. and {Hinton}, S.~R. and 
	{Honscheid}, K. and {Hoormann}, J.~K. and {Jain}, B. and {James}, D.~J. and 
	{Jarvis}, M. and {Jeltema}, T. and {Johnson}, M.~W.~G. and {Johnson}, M.~D. and 
	{King}, A. and {Kuehn}, K. and {Kuhlmann}, S. and {Kuropatkin}, N. and 
	{Lahav}, O. and {Lewis}, G. and {Li}, T.~S. and {Lidman}, C. and 
	{Lima}, M. and {Lin}, H. and {Macaulay}, E. and {March}, M. and 
	{Marshall}, J.~L. and {Martini}, P. and {Melchior}, P. and {Menanteau}, F. and 
	{Miquel}, R. and {Mohr}, J.~J. and {Moller}, A. and {Nichol}, R.~C. and 
	{Nord}, B. and {ONeill}, C.~R. and {Percival}, W.~J. and {Petravick}, D. and 
	{Plazas}, A.~A. and {Romer}, A.~K. and {Sako}, M. and {Sanchez}, E. and 
	{Scarpine}, V. and {Schindler}, R. and {Schubnell}, M. and {Sheldon}, E. and 
	{Smith}, M. and {Smith}, R.~C. and {Soares-Santos}, M. and {Sobreira}, F. and 
	{Sommer}, N.~E. and {Suchyta}, E. and {Swanson}, M.~E.~C. and 
	{Tarle}, G. and {Thomas}, D. and {Tucker}, B.~E. and {Tucker}, D.~L. and 
	{Uddin}, S.~A. and {Vikram}, V. and {Walker}, A.~R. and {Wechsler}, R.~H. and 
	{Weller}, J. and {Wester}, W. and {Wolf}, R.~C. and {Yuan}, F. and 
	{Zhang}, B. and {Zuntz}, J.},
    title = "{Dark Energy Survey Year 1 Results: Galaxy clustering for combined probes}",
  journal = {ArXiv e-prints},
archivePrefix = "arXiv",
   eprint = {1708.01536},
 keywords = {Astrophysics - Cosmology and Nongalactic Astrophysics},
     year = 2017,
    month = aug,
   adsurl = {http://adsabs.harvard.edu/abs/2017arXiv170801536E},
  adsnote = {Provided by the SAO/NASA Astrophysics Data System}
}
